@book{JS,
place={México, CDMX},
title={Diseño de microprocesadores},
publisher={Facultad de Ingenieria},
author={Jesus Savage and Gabriel Vázquez}}

@misc{chavez,
title={Construcción de máquinas de estados usando memorias},
url={http://profesores.fi-b.unam.mx/normaelva},
author={Chavez, Norma Elva}}
